@online {docCheck_knochen,
    author = {
        {Dr. Frank Antwerpes} and
        {Frank Michael Rauch} and
        {Monika Detrois} and
        {Fiona Walter} and
        {Natascha van den Höfel} and
        {Dr. med. Ibrahim Güler} and
        {Ali-Can Gunenc}
    },
    title = {knochen},
    url = {https://flexikon.doccheck.com/de/Knochen},
    note = {Zugriff am 15. November 2024}
}

@online {docCheck_Roehrenknochen,
    author = {
        {Dr. Frank Antwerpes} and
        {Natascha van den Höfel} and
        {Clarissa Teuber} and
        {Lukas Rutke} and
        {Julia Reiche} and
        {Jessica Schnase} and
        {Dipl.-Biol. Timo Freyer} and
        {Emrah Hircin}
    },
    title = {Röhrenknochen},
    url = {https://flexikon.doccheck.com/de/R%C3%B6hrenknochen},
    note = {Zugriff am 15. November 2024}
}